@misc{apple,
    author    = "Apple Developer",
    title     = "Kernel Architecture Overview",
    url       = "https://developer.apple.com/library/archive/documentation/Darwin/Conceptual/KernelProgramming/Architecture/Architecture.html"
}

@misc{wiki,
    author    = "Wikip√©dia",
    title     = "MAC OS",
    url       = "https://pt.wikipedia.org/wiki/MacOS"
}

@misc{iokit,
    author    = "Apple Developer",
    title     = "I/O Kit Overview",
    url       = "https://developer.apple.com/library/archive/documentation/Darwin/Conceptual/KernelProgramming/IOKit/IOKit.html"
}

@misc{file,
    author    = "Apple Developer",
    title     = "File Systems Overview",
    url       = "https://developer.apple.com/library/archive/documentation/Darwin/Conceptual/KernelProgramming/Filesystem/Filesystem.html"
}
